<collection xmlns="http://www.loc.gov/MARC21/slim">
<record>
  <leader>01643nam0a2200301 i 450 </leader>
  <controlfield tag="001">IT\ICCU\CNCE\037301</controlfield>
  <controlfield tag="005">20120806000000.0</controlfield>
  <datafield tag="012" ind1=" " ind2=" ">
    <subfield code="a">rael laa- i-es dach (C) 1531 (Q)</subfield>
    <subfield code="2">fei</subfield>
  </datafield>
  <datafield tag="100" ind1=" " ind2=" ">
    <subfield code="a">19980904f1531        0itac0103    ba</subfield>
  </datafield>
  <datafield tag="101" ind1=" " ind2=" ">
    <subfield code="a">ITA</subfield>
  </datafield>
  <datafield tag="102" ind1=" " ind2=" ">
    <subfield code="a">IT</subfield>
  </datafield>
  <datafield tag="200" ind1="1" ind2=" ">
    <subfield code="a">Hystoria nouellamente ritrouata di due nobili amanti: con la loro pietosa morte: interuenuta gia nella citta di Verona. Nel tempo del signor Bartholomeo dalla Scala</subfield>
  </datafield>
  <datafield tag="210" ind1=" " ind2=" ">
    <subfield code="a">\Venezia</subfield>
    <subfield code="c">Benedetto Bindoni</subfield>
    <subfield code="d">1531?!</subfield>
    <subfield code="e">In la inclita citta di Venetia</subfield>
    <subfield code="g">per Benedetto de Bendoni</subfield>
  </datafield>
  <datafield tag="215" ind1=" " ind2=" ">
    <subfield code="a">\32! c.</subfield>
    <subfield code="d">8ʻ</subfield>
  </datafield>
  <datafield tag="300" ind1=" " ind2=" ">
    <subfield code="a">Per la data cfr.: Dizionario biografico degli italiani, v. 32, p. 740</subfield>
  </datafield>
  <datafield tag="620" ind1=" " ind2=" ">
    <subfield code="a">IT</subfield>
    <subfield code="d">Venezia</subfield>
  </datafield>
  <datafield tag="700" ind1=" " ind2="1">
    <subfield code="a">Da_Porto,</subfield>
    <subfield code="b">Luigi</subfield>
    <subfield code="3">IT\ICCU\CNCA\004614</subfield>
  </datafield>
  <datafield tag="712" ind1="0" ind2="0">
    <subfield code="a">Bindoni, Benedetto</subfield>
    <subfield code="3">IT\ICCU\CNCT\000215</subfield>
    <subfield code="4">650</subfield>
  </datafield>
  <datafield tag="790" ind1=" " ind2="1">
    <subfield code="a">Porto,</subfield>
    <subfield code="b">Luigi</subfield>
    <subfield code="3">IT\ICCU\CNCA\014936</subfield>
    <subfield code="z">Da_Porto, Luigi</subfield>
  </datafield>
  <datafield tag="790" ind1=" " ind2="1">
    <subfield code="a">Porto,</subfield>
    <subfield code="b">Luigi : da</subfield>
    <subfield code="3">IT\ICCU\CNCA\018432</subfield>
    <subfield code="z">Da_Porto, Luigi</subfield>
  </datafield>
  <datafield tag="791" ind1="0" ind2="0">
    <subfield code="a">Bindonis, Benedictus de</subfield>
    <subfield code="3">IT\ICCU\CNCT\004378</subfield>
    <subfield code="z">Bindoni, Benedetto</subfield>
  </datafield>
  <datafield tag="791" ind1="0" ind2="0">
    <subfield code="a">Bendonis, Benedictus de</subfield>
    <subfield code="3">IT\ICCU\CNCT\004379</subfield>
    <subfield code="z">Bindoni, Benedetto</subfield>
  </datafield>
  <datafield tag="801" ind1=" " ind2="3">
    <subfield code="a">IT</subfield>
    <subfield code="b">ICCU</subfield>
    <subfield code="c">20201114</subfield>
  </datafield>
  <datafield tag="899" ind1=" " ind2=" ">
    <subfield code="a">Biblioteca civica Queriniana. Brescia</subfield>
    <subfield code="1">BS0026</subfield>
    <subfield code="2">ZBS 01</subfield>
  </datafield>
  <datafield tag="899" ind1=" " ind2=" ">
    <subfield code="a">Biblioteca nazionale centrale. Firenze</subfield>
    <subfield code="1">FI0098</subfield>
    <subfield code="2">CFI CF</subfield>
  </datafield>
  <datafield tag="899" ind1=" " ind2=" ">
    <subfield code="a">Archivio storico civico e Biblioteca Trivulziana. Milano</subfield>
    <subfield code="1">MI0327</subfield>
    <subfield code="2">LO1 13</subfield>
  </datafield>
  <datafield tag="911" ind1=" " ind2=" ">
    <subfield code="a">sul front.</subfield>
    <subfield code="9">IT\ICCU\CNCM\000622</subfield>
  </datafield>
  <datafield tag="921" ind1=" " ind2=" ">
    <subfield code="a">IT\ICCU\CNCM\000622</subfield>
    <subfield code="b">Giustizia (donna coronata seduta in trono tra due leoni con spada e bilancia). In alto le iniziali A.B.</subfield>
    <subfield code="e">Iustus ut palma florebit</subfield>
    <subfield code="c">Z687</subfield>
    <subfield code="d">Dimensioni: 3,5 x 4,3</subfield>
    <subfield code="f">AB</subfield>
    <subfield code="f">BILANCIA</subfield>
    <subfield code="f">GIUSTIZIA</subfield>
    <subfield code="f">LEONI</subfield>
    <subfield code="f">SPADA</subfield>
    <subfield code="g">1520-1535</subfield>
  </datafield>
</record>
</collection>
